<collection xmlns="http://www.loc.gov/MARC21/slim">
<record>
  <leader>00761ncm0a22001691i 450 </leader>
  <controlfield tag="001">IT\ICCU\CNCE\045261</controlfield>
  <controlfield tag="005">19990122000000.0</controlfield>
  <datafield tag="100" ind1=" " ind2=" ">
    <subfield code="a">19990122d1593        0itac0103    ba</subfield>
  </datafield>
  <datafield tag="101" ind1=" " ind2=" ">
    <subfield code="a">ITA</subfield>
  </datafield>
  <datafield tag="102" ind1=" " ind2=" ">
    <subfield code="a">IT</subfield>
  </datafield>
  <datafield tag="200" ind1="1" ind2=" ">
    <subfield code="a">Breve et facile maniera d&apos;esercitarsi ad ogni scolaro, non solamente a far passaggi sopra tutte le note che si desidera, et in diversi modi nel loro valere con le cadenze, ma ancora per potere da se senza maestri scrivere ogni opera et aria passeggiata ... Et questo ancora serve per quei che sonan di viola, e d&apos;altri istromenti da fiato ...</subfield>
  </datafield>
  <datafield tag="210" ind1=" " ind2=" ">
    <subfield code="a">Roma</subfield>
    <subfield code="c">\s.n.!</subfield>
    <subfield code="d">1593</subfield>
  </datafield>
  <datafield tag="300" ind1=" " ind2=" ">
    <subfield code="a">URFM</subfield>
  </datafield>
  <datafield tag="620" ind1=" " ind2=" ">
    <subfield code="a">IT</subfield>
    <subfield code="d">Roma</subfield>
  </datafield>
  <datafield tag="700" ind1=" " ind2="1">
    <subfield code="a">Conforti,</subfield>
    <subfield code="b">Giovan Luca</subfield>
    <subfield code="3">IT\ICCU\CNCA\011793</subfield>
  </datafield>
  <datafield tag="712" ind1="0" ind2="2">
    <subfield code="a">s.n.</subfield>
    <subfield code="3">IT\ICCU\CNCT\000002</subfield>
    <subfield code="4">650</subfield>
  </datafield>
  <datafield tag="801" ind1=" " ind2="3">
    <subfield code="a">IT</subfield>
    <subfield code="b">ICCU</subfield>
    <subfield code="c">20201114</subfield>
  </datafield>
</record>
</collection>
